%% Created using Papers on Tue, 09 Aug 2016.
%% http://papersapp.com/papers/

@article{allen2002global,
  title={Global biodiversity, biochemical kinetics, and the energetic-equivalence rule},
  author={Allen, Andrew P and Brown, James H and Gillooly, James F},
  journal={Science},
  volume={297},
  number={5586},
  pages={1545--1548},
  year={2002},
  publisher={American Association for the Advancement of Science}
}

@article{estermann,
  title={Nutrient and energy conversion of grass-fed dairy and suckler beef cattle kept indoors and on high altitude pasture},
  author={Estermann, Beda L and Wettstein, Hans-Rudolf and Sutter, Franz and Kreuzer, Michael},
  journal={Animal Research},
  volume={50},
  number={6},
  pages={477--493},
  year={2001},
  publisher={EDP sciences}
}
@book{stryer,
author = {Stryer, Lubert},
title = {{Biochemistry, Fourth Edition}},
publisher = {W.H. Freeman and Company},
pages = {608--611},
year = {1995},
address = {New York}
}

@book{Clark:1990wo,
author = {Clark, Colin},
title = {{Mathematical bioeconomics}},
publisher = {New York, NY (USA); John Wiley and Sons Inc.},
year = {1990}
}

@article{Clauset:2009fh,
author = {Clauset, A and Redner, S},
title = {{Evolutionary Model of Species Body Mass Diversification}},
journal = {Phys. Rev. Lett.},
year = {2009},
volume = {102},
number = {3},
pages = {038103},
month = jan
}

@article{Nevill:1995vk,
author = {Nevill, A M and Holder, R L},
title = {{Scaling, normalizing, and per ratio standards: an allometric modeling approach.}},
journal = {J. Appl. Physiol.},
year = {1995},
volume = {79},
number = {3},
pages = {1027--1031},
month = sep
}

@article{Folland:2008ij,
author = {Folland, J P and Mc Cauley, T M and Williams, A G},
title = {{Allometric scaling of strength measurements to body size}},
journal = {Eur J Appl Physiol},
year = {2008},
volume = {102},
number = {6},
pages = {739--745},
month = jan
}

@article{Smith:2010p3442,
author = {Smith, F and Boyer, A and Brown, J and Costa, D},
title = {{The Evolution of Maximum Body Size of Terrestrial Mammals}},
journal = {Science},
year = {2010},
month = jan
}

@article{Fujiwara:2016im,
author = {Fujiwara, Masami},
title = {{Incorporating demographic diversity into food web models: Effects on community structure and dynamics}},
journal = {Ecol. Model.},
year = {2016},
volume = {322},
pages = {10--18},
month = feb
}

@article{Brown:2004tv,
author = {Brown, Joel S and Kotler, Burt P},
title = {{Hazardous duty pay and the foraging cost of predation}},
journal = {Ecol. Lett.},
year = {2004},
volume = {7},
number = {10},
pages = {999--1014}
}

@article{Martin:1996to,
author = {Martin, R D},
title = {{Scaling of the mammalian brain: the maternal energy hypothesis}},
journal = {Physiology},
year = {1996}
}

@article{Diekmann:2010da,
author = {Diekmann, O and Metz, J A J},
title = {{How to lift a model for individual behaviour to the population level?}},
journal = {Philos. T. Roy. Soc. B},
year = {2010},
volume = {365},
number = {1557},
pages = {3523--3530},
month = nov
}

@article{Neubert:1997wk,
author = {Neubert, MG and Caswell, H},
title = {{Alternatives to resilience for measuring the responses of ecological systems to perturbations}},
journal = {Ecology},
year = {1997},
volume = {78},
number = {3},
pages = {653--665}
}

@article{Weibel:2004ez,
author = {Weibel, Ewald R and Bacigalupe, Leonardo D and Schmitt, Beat and Hoppeler, Hans},
title = {{Allometric scaling of maximal metabolic rate in mammals: muscle aerobic capacity as determinant factor}},
journal = {Respiratory Physiology {\&} Neurobiology},
year = {2004},
volume = {140},
number = {2},
pages = {115--132},
month = may
}

@article{Hoppeler:1984di,
author = {Hoppeler, H and Lindstedt, S L and Claassen, H and Taylor, C R and Mathieu, O and Weibel, E R},
title = {{Scaling mitochondrial volume in heart to body mass.}},
journal = {Respir Physiol},
year = {1984},
volume = {55},
number = {2},
pages = {131--137},
month = feb
}

@article{Glazier:2009hq,
author = {Glazier, Douglas S},
title = {{Metabolic level and size scaling of rates of respiration and growth in unicellular organisms}},
journal = {Funct. Ecol.},
year = {2009},
volume = {23},
number = {5},
pages = {963--968},
month = oct
}

@article{Estes:2003uc,
author = {Estes, J A and Riedman, M L and Staedler, M M and Tinker, M T and Lyon, B E},
title = {{Individual variation in prey selection by sea otters: patterns, causes and implications}},
journal = {J. Anim. Ecol.},
year = {2003},
volume = {72},
number = {1},
pages = {144--155},
month = jan
}

@article{Lindstedt:1981jd,
author = {Lindstedt, S L and W A Calder, suffix III suffix},
title = {{Body Size, Physiological Time, and Longevity of Homeothermic Animals}},
journal = {The Quarterly Review of Biology},
year = {1981},
volume = {56},
number = {1},
pages = {1--16},
month = mar
}

@article{Morris:1987eo,
author = {Morris, Douglas W},
title = {{Optimal Allocation of Parental Investment}},
journal = {Oikos},
year = {1987},
volume = {49},
number = {3},
pages = {332},
month = jul
}

@article{Martin:1987dl,
author = {Martin, Thomas E},
title = {{Food as a Limit on Breeding Birds: A Life-History Perspective}},
journal = {Annu. Rev. Ecol. Syst.},
year = {1987},
volume = {18},
pages = {453--487},
month = jan
}

@article{Richards:2002wq,
author = {Richards, Shane A},
title = {{Temporal partitioning and aggression among foragers: modeling the effects of stochasticity and individual state}},
journal = {Behavioral Ecology},
year = {2002},
volume = {13},
number = {3},
pages = {427--438}
}

@article{Mangel:1986um,
author = {Mangel, M and Clark, C. W.},
title = {{Towards a unified foraging theory}},
journal = {Ecology},
year = {1986},
volume = {67},
number = {5},
pages = {1127--1138}
}

@article{Jeschke:2002uy,
author = {Jeschke, J M and Kopp, M and Tollrian, R},
title = {{Predator functional responses: Discriminating between handling and digesting prey}},
journal = {Ecol. Monogr.},
year = {2002},
volume = {72},
number = {1},
pages = {95--112},
month = feb
}

@article{Barboza:2002in,
author = {Barboza, P and Jorde, D},
title = {{Intermittent fasting during winter and spring affects body composition and reproduction of a migratory duck}},
journal = {J Comp Physiol B},
year = {2002},
volume = {172},
number = {5},
pages = {419--434},
month = jul
}

@article{Rubenstein:2011cn,
author = {Rubenstein, Dustin R},
title = {{Spatiotemporal environmental variation, risk aversion, and the evolution of cooperative breeding as a bet-hedging strategy.}},
journal = {PNAS},
year = {2011},
volume = {108 Suppl 2},
number = {Supplement 2},
pages = {10816--10822},
month = jun
}

@article{Deng:2007jd,
author = {Deng, Bo and Loladze, Irakli},
title = {{Competitive coexistence in stoichiometric chaos}},
journal = {Chaos: An Interdisciplinary Journal of Nonlinear Science},
year = {2007},
volume = {17},
number = {3},
pages = {033108},
month = sep
}

@article{Mangel:2006tm,
author = {Mangel, Marc and Levin, Phillip and Patil, Anand},
title = {{Using life history and persistence criteria to prioritize habitats for management and conservation.}},
journal = {Ecol. Appl.},
year = {2006},
volume = {16},
number = {2},
pages = {797--806},
month = apr
}

@article{Kendall:1998hl,
author = {Kendall and Prendergast and Bjornstad},
title = {{The macroecology of population dynamics: taxonomic and biogeographic patterns in population cycles}},
journal = {Ecol. Lett.},
year = {1998},
volume = {1},
number = {3},
pages = {160--164},
month = nov
}

@article{Gittleman:1986je,
author = {Gittleman, John L},
title = {{Carnivore Brain Size, Behavioral Ecology, and Phylogeny}},
journal = {J. Mammal.},
year = {1986},
volume = {67},
number = {1},
pages = {23--36},
month = feb
}

@article{Hogstedt:2005cr,
author = {H{\"o}gstedt, G{\"o}ran and Seldal, Tarald and Breistol, Arild},
title = {{Period length in cyclic animal populations}},
journal = {Ecology},
year = {2005},
volume = {86},
number = {2},
pages = {373--378},
month = feb
}

@article{Moore:2014hi,
author = {Moore, Jonathan W and Yeakel, Justin D and Peard, Dean and Lough, Jeff and Beere, Mark},
title = {{Life-history diversity and its importance to population stability and persistence of a migratory fish: steelhead in two large North American watersheds}},
journal = {J. Anim. Ecol.},
year = {2014},
volume = {83},
number = {5},
pages = {1035--1046}
}

@article{Kendall:1999iy,
author = {Kendall, Bruce E and Briggs, Cheryl J and Murdoch, William W and Turchin, Peter and Ellner, Stephen P and McCauley, Edward and Nisbet, Roger M and Wood, Simon N},
title = {{Why do populations cycle? A synthesis of statistical and mechanistic modeling approaches}},
journal = {Ecology},
year = {1999},
volume = {80},
number = {6},
pages = {1789--1805},
month = sep
}

@article{Christiansen:2001cq,
author = {Christiansen, Per},
title = {{Mass allometry of the appendicular skeleton in terrestrial mammals}},
journal = {J. Morphol.},
year = {2001},
volume = {251},
number = {2},
pages = {195--209},
month = nov
}

@article{Lindstedt:2002td,
author = {Lindstedt, S L and Schaeffer, P J},
title = {{Use of allometry in predicting anatomical and physiological parameters of mammals.}},
journal = {Lab. Anim.},
year = {2002},
volume = {36},
number = {1},
pages = {1--19},
month = jan
}

@article{Lindstedt:1981p1038,
author = {Lindstedt, S L and Calder III, W A},
title = {{Body size, physiological time, and longevity of homeothermic animals}},
journal = {Q. Rev. Biol.},
year = {1981},
volume = {56},
number = {1},
pages = {1--16}
}

@article{Doughty:2015hy,
author = {Doughty, Christopher E and Wolf, Adam and Morueta Holme, Naia and J{\o}rgensen, Peter M and Sandel, Brody and Violle, Cyrille and Boyle, Brad and Kraft, Nathan J B and Peet, Robert K and Enquist, Brian J and Svenning, Jens-Christian and Blake, Stephen and Galetti, Mauro},
title = {{Megafauna extinction, tree species range reduction, and carbon storage in Amazonian forests}},
journal = {Ecography},
year = {2016},
volume = {39},
number = {2},
pages = {194--203},
month = feb
}

@article{Saarinen:2014br,
author = {Saarinen, Juha J and Boyer, Alison G and Brown, James H and Costa, Daniel P and Ernest, S K Morgan and Evans, Alistair R and Fortelius, Mikael and Gittleman, John L and Hamilton, Marcus J and Harding, Larisa E and Lintulaakso, Kari and Lyons, S Kathleen and Okie, Jordan G and Sibly, Richard M and Stephens, Patrick R and Theodor, Jessica and Uhen, Mark D and Smith, Felisa A},
title = {{Patterns of maximum body size evolution in Cenozoic land mammals: eco-evolutionary processes and abiotic forcing}},
journal = {Proc Biol Sci},
year = {2014},
volume = {281},
number = {1784},
pages = {20132049--20132049},
month = jun
}

@article{West:2001bv,
author = {West, Geoffrey B and Brown, James H and Enquist, Brian J},
title = {{A general model for ontogenetic growth}},
journal = {Nature},
year = {2001},
volume = {413},
number = {6856},
pages = {628--631},
month = oct
}

@article{Brose:2006gm,
author = {Brose, Ulrich and Williams, Richard J and Martinez, Neo D},
title = {{Allometric scaling enhances stability in complex food webs}},
journal = {Ecol. Lett.},
year = {2006},
volume = {9},
number = {11},
pages = {1228--1236},
month = nov
}

@article{Gould:1966ty,
author = {Gould, S J},
title = {{Allometry and size in ontogeny and phylogeny.}},
journal = {Biol Rev Camb Philos Soc},
year = {1966},
volume = {41},
number = {4},
pages = {587--640},
month = nov
}

@article{Shelton:2012ef,
author = {Shelton, Andrew O and Mangel, Marc},
title = {{Estimating von Bertalanffy parameters with individual and environmental variations in growth}},
journal = {Journal of Biological Dynamics},
year = {2012},
volume = {6},
number = {sup2},
pages = {3--30},
month = sep
}

@article{GuimaraesJr:2016kz,
author = {Guimar{\~a}es Jr, Paulo R and Deyn, Gerlinde B De},
title = {{Ecological networks: assembly and consequences}},
journal = {Oikos},
year = {2016},
volume = {125},
number = {4},
pages = {443--445},
month = apr
}

@article{Yi:2016vb,
author = {Yi, Su Do and Dong Noh, Jae and Minnhagen, P and Song, Mi-Young and Chon, Tae-Soo and Jun Kim, Beom},
title = {{A standing question of BMI}},
year = {2016},
pages = {1--9},
month = apr
}

@article{Dunbrack:1993ec,
author = {Dunbrack, Robert L and Ramsay, Malcolm A},
title = {{The Allometry of Mammalian Adaptations to Seasonal Environments: A Critique of the Fasting Endurance Hypothesis}},
journal = {Oikos},
year = {1993},
volume = {66},
number = {2},
pages = {336--342},
month = mar
}

@article{deSimone:1995ef,
author = {de Simone, G and Devereux, R B and Daniels, S R and Koren, M J and Meyer, R A and Laragh, J H},
title = {{Effect of growth on variability of left ventricular mass: assessment of allometric signals in adults and children and their capacity to predict cardiovascular risk.}},
journal = {J. Am. Coll. Cardiol.},
year = {1995},
volume = {25},
number = {5},
pages = {1056--1062},
month = apr
}

@article{Neubert:2004wd,
author = {Neubert, MG and Klanjscek, T},
title = {{Reactivity and transient dynamics of predator-prey and food web models}},
journal = {Ecol. Model.},
year = {2004},
volume = {179},
number = {1},
pages = {29--38}
}

@article{DeLong:2010dy,
author = {DeLong, John P and Okie, Jordan G and Moses, Melanie E and Sibly, Richard M and Brown, James H},
title = {{Shifts in metabolic scaling, production, and efficiency across major evolutionary transitions of life.}},
journal = {PNAS},
year = {2010},
volume = {107},
number = {29},
pages = {12941--12945},
month = jul
}

@article{Nevill:1995vka,
author = {Nevill, A M and Holder, R L},
title = {{Scaling, normalizing, and per ratio standards: an allometric modeling approach}},
journal = {Journal of Applied Physiology},
year = {1995},
volume = {79},
number = {3},
pages = {1027--1031},
month = sep
}

@book{Mangel:1988uaa,
author = {Mangel, M and Clark, C. W.},
title = {{Dynamic Modeling in Behavioral Ecology}},
publisher = {Princeton University Press},
year = {1988},
address = {Princeton}
}

@article{Hastings:2001jh,
author = {Hastings, Alan},
title = {{Transient dynamics and persistence of ecological systems}},
journal = {Ecol. Lett.},
year = {2001},
volume = {4},
number = {3},
pages = {215--220},
month = may
}

@article{Brown:2004wq,
author = {Brown, JH and Gillooly, JF and Allen, AP and Savage, VM and West, GB},
title = {{Toward a metabolic theory of ecology}},
journal = {Ecology},
year = {2004},
volume = {85},
number = {7},
pages = {1771--1789}
}

@article{Bode:2007p1556,
author = {Bode, M and Possingham, HP},
title = {{Can culling a threatened species increase its chance of persisting?}},
journal = {Ecol. Model.},
year = {2007},
volume = {201},
number = {1},
pages = {11--18}
}

@article{vanBaalen:2001ey,
author = {van Baalen, Minus and K{\v{r}}ivan, Vlastimil and van Rijn, Paul C J and Sabelis, Maurice W},
title = {{Alternative Food, Switching Predators, and the Persistence of Predator-Prey Systems}},
journal = {Am. Nat.},
year = {2001},
volume = {157},
number = {5},
pages = {512--524},
month = may
}

@article{Kempes:2012hy,
author = {Kempes, Christopher P and Dutkiewicz, Stephanie and Follows, Michael J},
title = {{Growth, metabolic partitioning, and the size of microorganisms.}},
journal = {PNAS},
year = {2012},
volume = {109},
number = {2},
pages = {495--500},
month = jan
}

@article{Neutel:2002wi,
author = {Neutel, AM and Heesterbeek, JAP and de Ruiter, PC},
title = {{Stability in real food webs: Weak links in long loops}},
journal = {Science},
year = {2002},
volume = {296},
number = {5570},
pages = {1120--1123}
}

@article{Mduma:1999cp,
author = {Mduma, Simon A R and Sinclair, A R E and Hilborn, Ray},
title = {{Food regulates the Serengeti wildebeest: a 40-year record}},
journal = {J. Anim. Ecol.},
year = {1999},
volume = {68},
number = {6},
pages = {1101--1122},
month = nov
}

@article{Mangel:2014kz,
author = {Mangel, Marc},
title = {{Stochastic dynamic programming illuminates the link between environment, physiology, and evolution}},
journal = {B. Math. Biol.},
year = {2014},
volume = {77},
number = {5},
pages = {857--877}
}

@article{Kearns:2010ji,
author = {Kearns, C F and McKeever, K H and John-Alder, H and Abe, T and Brechue, W F},
title = {{Relationship between body composition, blood volume and maximal oxygen uptake}},
journal = {Equine Veterinary Journal},
year = {2010},
volume = {34},
number = {S34},
pages = {485--490},
month = jun
}

@article{Tinbergen:1994dq,
author = {Tinbergen, J M and Dietz, M W},
title = {{Parental Energy Expenditure During Brood Rearing in the Great Tit (Parus major) in Relation to Body Mass, Temperature, Food Availability and Clutch Size}},
journal = {Funct. Ecol.},
year = {1994},
volume = {8},
number = {5},
pages = {563},
month = oct
}

@article{Weber:1998jg,
author = {Weber, Thomas P and Ens, Bruno J and Houston, Alasdair I},
title = {{Optimal avian migration: A dynamic model of fuel stores and site use}},
journal = {Evolutionary Ecology},
year = {1998},
volume = {12},
number = {4},
pages = {377--401},
month = may
}

@article{Allen:2006ih,
author = {Allen, C R and Garmestani, A S and Havlicek, T D and Marquet, P A and Peterson, G D and Restrepo, C and Stow, C A and Weeks, B E},
title = {{Patterns in body mass distributions: sifting among alternative hypotheses}},
journal = {Ecol. Lett.},
year = {2006},
volume = {9},
number = {5},
pages = {630--643},
month = may
}

@article{Brown:1993p708,
author = {Brown, JH and Marquet, PA and Taper, ML},
title = {{Evolution of body size: consequences of an energetic definition of fitness}},
journal = {Am. Nat.},
year = {1993},
volume = { 142},
number = { 4},
pages = {573--584}
}

@article{BenDavid:2004p84,
author = {Ben-David, Merav and Titus, Kimberly and Beier, Lavern R},
title = {{Consumption of salmon by Alaskan brown bears: a trade-off between nutritional requirements and the risk of infanticide?}},
journal = {Oecologia},
year = {2004},
volume = {138},
number = {3},
pages = {465--474},
month = feb
}

@article{Bulik:1999eo,
author = {Bulik, Cynthia M and Sullivan, Patrick F and Fear, Jennifer L and Pickering, Alison and Dawn, Aria and McCullin, Mandy},
title = {{Fertility and Reproduction in Women With Anorexia Nervosa}},
journal = {J. Clin. Psychiatry},
year = {1999},
volume = {60},
number = {2},
pages = {130--135},
month = feb
}

@article{Schoener:2011ei,
author = {Schoener, Thomas W},
title = {{The Newest Synthesis: Understanding the Interplay of Evolutionary and Ecological Dynamics}},
journal = {Science},
year = {2011},
volume = {331},
number = {6016},
pages = {426--429},
month = jan
}

@article{Satterthwaite:2009et,
author = {Satterthwaite, William H and Beakes, Michael P and Collins, Erin M and Swank, David R and Merz, Joseph E and Titus, Robert G and Sogard, Susan M and Mangel, Marc},
title = {{Steelhead Life History on California's Central Coast: Insights from a State-Dependent Model}},
journal = {Transactions of the American Fisheries Society},
year = {2009},
volume = {138},
number = {3},
pages = {532--548},
month = may
}

@article{Alroy:1998p1594,
author = {Alroy, J},
title = {{Cope's rule and the dynamics of body mass evolution in North American fossil mammals}},
journal = {Science},
year = {1998},
volume = {280},
number = {5364},
pages = {731}
}

@article{Darveau:2002ed,
author = {Darveau, Charles-A and Suarez, Raul K and Andrews, Russel D and Hochachka, Peter W},
title = {{Allometric cascade as a unifying principle of body mass effects on metabolism.}},
journal = {Nature},
year = {2002},
volume = {417},
number = {6885},
pages = {166--170},
month = may
}

@article{Neutel:2014gu,
author = {Neutel, Anje-Margriet and Thorne, Michael A S},
title = {{Interaction strengths in balanced carbon cycles and the absence of a relation between ecosystem complexity and stability}},
journal = {Ecol. Lett.},
year = {2014},
volume = {17},
number = {6},
pages = {651--661}
}

@article{Jacot:2009dv,
author = {Jacot, Alain and Valcu, Mihai and van Oers, Kees and Kempenaers, Bart},
title = {{Experimental nest site limitation affects reproductive strategies and parental investment in a hole-nesting passerine}},
journal = {Animal Behaviour},
year = {2009},
volume = {77},
number = {5},
pages = {1075--1083},
month = may
}

@incollection{Krebs:1974cw,
author = {Krebs, Charles J and Myers, Judith H},
title = {{Population Cycles in Small Mammals}},
booktitle = {Advances in Ecological Research Volume 8},
year = {1974},
pages = {267--399},
publisher = {Elsevier}
}

@article{Sousa:2010ez,
author = {Sousa, T and Domingos, T and Poggiale, J C and Kooijman, S A L M},
title = {{Dynamic energy budget theory restores coherence in biology}},
journal = {Philos. T. Roy. Soc. B},
year = {2010},
volume = {365},
number = {1557},
pages = {3413--3428},
month = oct
}

@article{Woodroffe:1995id,
author = {Woodroffe, Rosie},
title = {{Body condition affects implantation date in the European badger, Meles meles}},
year = {1995},
volume = {236},
number = {2},
pages = {183--188},
month = jun
}

@article{Lee:2011kw,
author = {Lee, Who-Seung and Metcalfe, Neil B and Monaghan, Pat and Mangel, Marc and Rice, Associate Editor Sean H and Shaw, Editor Ruth G},
title = {{A Comparison of Dynamic-State-Dependent Models of the Trade-Off Between Growth, Damage, and Reproduction}},
journal = {Am. Nat.},
year = {2011},
volume = {178},
number = {6},
pages = {774--786}
}

@article{Yodzis:1992hg,
author = {Yodzis, P and Innes, S},
title = {{Body Size and Consumer-Resource Dynamics}},
journal = {Am. Nat.},
year = {1992},
volume = {139},
number = {6},
pages = {1151--1175}
}

@article{West:1997cg,
author = {West, Geoffrey B and Brown, James H and Enquist, Brian J},
title = {{A General Model for the Origin of Allometric Scaling Laws in Biology}},
journal = {Science},
year = {1997},
volume = {276},
number = {5309},
pages = {122--126},
month = apr
}

@book{Kooi2000,
author = {Kooijman, S A L M},
title = {{Dynamic Energy and Mass Budgets in Biological Systems}},
year = {2000},
address = {Cambridge}
}

@book{Clark:2000tra,
author = {Clark, C. W. and Mangel, M},
title = {{Dynamic State Variable Models in Ecology: Methods and Applications}},
publisher = {Oxford University Press, USA},
year = {2000}
}

@article{Hinde:2009dv,
author = {Hinde, C A and Buchanan, K L and Kilner, R M},
title = {{Prenatal environmental effects match offspring begging to parental provisioning}},
journal = {Proc Biol Sci},
year = {2009},
volume = {276},
number = {1668},
pages = {2787--2794},
month = jun
}

@article{CalderIII:1983jd,
author = {Calder III, W A},
title = {{An allometric approach to population cycles of mammals}},
journal = {J. Theor. Biol.},
year = {1983},
volume = {100},
number = {2},
pages = {275--282},
month = jan
}

@article{Dunbrack:1993cs,
author = {Dunbrack, Robert L and Ramsay, Malcolm A},
title = {{The Allometry of Mammalian Adaptations to Seasonal Environments: A Critique of the Fasting Endurance Hypothesis}},
journal = {Oikos},
year = {1993},
volume = {66},
number = {2},
pages = {336},
month = mar
}

@article{Nevill:1994vz,
author = {Nevill, A M},
title = {{The need to scale for differences in body size and mass: an explanation of Kleiber's 0.75 mass exponent}},
journal = {Journal of Applied Physiology},
year = {1994}
}

@article{Kempes:2011gj,
author = {Kempes, Christopher P and West, Geoffrey B and Crowell, Kelly and Girvan, Michelle},
title = {{Predicting Maximum Tree Heights and Other Traits from Allometric Scaling and Resource Limitations}},
journal = {PLoS ONE},
year = {2011},
volume = {6},
number = {6},
pages = {e20551},
month = jun
}

@article{Millar:1990p923,
author = {Millar, JS and Hickling, G},
title = {{ Fasting Endurance and the Evolution of Mammalian Body Size}},
journal = {Funct. Ecol.},
year = {1990},
volume = { 4},
number = { 1},
pages = {5--12}
}

@article{Doughty:2013kd,
author = {Doughty, Christopher E and Wolf, Adam and Malhi, Yadvinder},
title = {{The legacy of the Pleistocene megafauna extinctions on nutrient availability in Amazonia}},
journal = {Nature Geosci},
year = {2013},
volume = {6},
number = {9},
pages = {761--764},
month = aug
}

@article{West:2002it,
author = {West, Geoffrey B and Woodruff, William H and Brown, James H},
title = {{Allometric scaling of metabolic rate from molecules and mitochondria to cells and mammals.}},
journal = {Proc. Natl. Acad. Sci. USA},
year = {2002},
volume = {99 Suppl 1},
number = {suppl 1},
pages = {2473--2478},
month = feb
}

@article{Sandell:1990kw,
author = {Sandell, Mikael},
title = {{The Evolution of Seasonal Delayed Implantation}},
journal = {The Quarterly Review of Biology},
year = {1990},
volume = {65},
number = {1},
pages = {23--42}
}

@article{Gross:2004p2428,
author = {Gross, T and Feudel, U},
title = {{Analytical search for bifurcation surfaces in parameter space}},
journal = {Physica D},
year = {2004},
volume = {195},
number = {3-4},
pages = {292--302}
}

@incollection{Mead:1989dt,
author = {Mead, Rodney A},
title = {{The Physiology and Evolution of Delayed Implantation in Carnivores}},
booktitle = {Carnivore Behavior, Ecology, and Evolution},
year = {1989},
pages = {437--464},
publisher = {Springer US},
address = {Boston, MA}
}

@article{Ginzburg:2015gx,
author = {Ginzburg, L R and Krebs, C J},
title = {{Mammalian cycles: internally defined periods and interaction-driven amplitudes}},
journal = {PeerJ},
year = {2015},
volume = {3},
number = {1},
pages = {e1180},
month = aug
}

@book{Kooijman2010,
author = {Kooijman, S A L M},
title = {{Dynamic Energy Budget Theory for Metabolic Organisation}},
year = {2010},
address = {Cambridge}
}

@article{West:2002ud,
author = {West, Geoffrey B and Woodruff, William H and Brown, James H},
title = {{Allometric scaling of metabolic rate from molecules and mitochondria to cells and mammals}},
journal = {Proc. Natl. Acad. Sci. USA},
year = {2002},
volume = {99},
number = {Suppl 1},
pages = {2473--2478}
}

@book{murdoch:2003,
author = {Murdoch, W W and Briggs, C J and Nisbet, R M},
title = {{Consumer-resource Dynamics}},
publisher = {Princeton University Press},
year = {2003},
series = {Monographs in population biology}
}

@article{Getz:2011jr,
author = {Getz, Wayne M},
title = {{Biomass transformation webs provide a unified approach to consumer-resource modelling.}},
journal = {Ecol. Lett.},
year = {2011},
volume = {14},
number = {2},
pages = {113--124},
month = feb
}

@article{Townley:2007bb,
author = {Townley, Stuart and Carslake, David and Kellie Smith, Owen and Mccarthy, Dominic and Hodgson, David},
title = {{Predicting transient amplification in perturbed ecological systems}},
journal = {J. Appl. Ecol.},
year = {2007},
volume = {44},
number = {6},
pages = {1243--1251},
month = dec
}

@article{Tveraa:2003fq,
author = {Tveraa, Torkild and Fauchald, Per and Henaug, Cathrine and Yoccoz, Nigel G},
title = {{An examination of a compensatory relationship between food limitation and predation in semi-domestic reindeer}},
journal = {Oecologia},
year = {2003},
volume = {137},
number = {3},
pages = {370--376},
month = nov
}

@article{Rosenheim:1996dn,
author = {Rosenheim, Jay A and Nonacs, Peter and Mangel, Marc},
title = {{Sex Ratios and Multifaceted Parental Investment}},
journal = {Am. Nat.},
year = {1996},
volume = {148},
number = {3},
pages = {501--535}
}

@article{Benichou:2014wu,
author = {Benichou, Olivier and Redner, S},
title = {{Depletion-Controlled Starvation of a Diffusing Forager}},
journal = {arXiv},
year = {2014},
eprint = {1405.5054v3},
eprinttype = {arxiv},
eprintclass = {cond-mat.stat-mech},
month = may
}

@article{Lande:1979fk,
author = {Lande, Russell},
title = {{Quantitative Genetic Analysis of Multivariate Evolution, Applied to Brain: Body Size Allometry}},
journal = {Evolution},
year = {1979},
volume = {33},
number = {1},
pages = {402--416},
month = mar
}

@article{Clark:1979ti,
author = {Clark, C. W. and Mangel, M},
title = {{Aggregation and fishery dynamics: a theoretical study of schooling and the purse seine tuna fisheries}},
journal = {Fish. Bull},
year = {1979},
volume = {77},
number = {2},
pages = {317--337}
}

@article{Mangel:2005ca,
author = {Mangel, Marc and Munch, Stephan B},
title = {{A Life-History Perspective on Short- and Long-Term Consequences of Compensatory Growth}},
journal = {http://dx.doi.org.proxy.lib.sfu.ca/10.1086/679735},
year = {2005},
volume = {166},
number = {6},
pages = {E155--E176},
month = dec
}

@article{Caswell:2005eo,
author = {Caswell, Hal and Neubert, Michael G},
title = {{Reactivity and transient dynamics of discrete-time ecological systems}},
journal = {Journal of Difference Equations and Applications},
year = {2005},
volume = {11},
number = {4-5},
pages = {295--310},
month = apr
}

@article{Krukonis:1991fk,
author = {Krukonis, G and Schaffer, W M},
title = {{Population cycles in mammals and birds: Does periodicity scale with body size?}},
journal = {J. Theor. Biol.},
year = {1991},
volume = {148},
number = {4},
pages = {469--493},
month = feb
}

@article{Neubert:2009td,
author = {Neubert, MG and Caswell, H},
title = {{Detecting reactivity}},
journal = {Ecology},
year = {2009}
}

@article{Gow:2014dx,
author = {Gow, Elizabeth A and Wiebe, Karen L},
title = {{Males migrate farther than females in a differential migrant: an examination of the fasting endurance hypothesis}},
journal = {Royal Society Open Science},
year = {2014},
volume = {1},
number = {4},
pages = {140346--140346},
month = dec
}

@article{Brown:2002hg,
author = {Brown, J H and Gupta, V K and Li, B L and Milne, B T and Restrepo, C and West, G B},
title = {{The fractal nature of nature: power laws, ecological complexity and biodiversity}},
journal = {Philos. T. Roy. Soc. B},
year = {2002},
volume = {357},
number = {1421},
pages = {619--626},
month = may
}

@article{West:1999ua,
author = {West, G B and Brown, J H and Enquist, B J},
title = {{A general model for the structure and allometry of plant vascular systems}},
journal = {Nature},
year = {1999},
volume = {400},
number = {6745},
pages = {664--667}
}

@article{Doughty:2015je,
author = {Doughty, Christopher E and Faurby, S{\o}ren and Svenning, Jens-Christian},
title = {{The impact of the megafauna extinctions on savanna woody cover in South America}},
journal = {Ecography},
year = {2016},
volume = {39},
number = {2},
pages = {213--222},
month = feb
}

@article{Mangel:2008tl,
author = {Mangel, M and Satterthwaite, W H},
title = {{Combining proximate and ultimate approaches to understand life history variation in salmonids with application to fisheries, conservation, and aquaculture}},
journal = {B. Mar. Sci.},
year = {2008},
volume = {83},
number = {1},
pages = {107--130}
}

@article{Kooijman:2008kj,
author = {Kooijman, S A L M and Andersen, T and Kooi, B W},
title = {{Dynamic energy budget representations of stoichiometric constraints on population dynamics}},
journal = {http://dx.doi.org.proxy.lib.sfu.ca/10.1890/02-0250},
year = {2008},
volume = {85},
number = {5},
pages = {1230--1243},
month = sep
}

@article{MuNi2001,
author = {Muller, Erik B and Nisbet, Roger M and Kooijman, Sebastiaan A L M and Elser, James J and McCauley, Edward},
title = {{Stoichiometric food quality and herbivore dynamics}},
journal = {Ecol. Lett.},
year = {2001},
volume = {4},
number = {6},
pages = {519--529},
month = nov
}

@article{moses2008rmo,
author = {Moses, Melanie E and Hou, Chen and Woodruff, William H and West, Geoffrey B and Nekola, Jeffery C and Zuo, Wenyun and Brown, James H},
title = {{Revisiting a Model of Ontogenetic Growth: Estimating Model Parameters from Theory and Data}},
journal = {http://dx.doi.org.proxy.lib.sfu.ca/10.1086/679735},
year = {2008},
volume = {171},
number = {5},
pages = {632--645},
month = may
}

@article{Sugie:2012tj,
author = {Sugie, Jitsuro and Saito, Yasuhisa},
title = {{Uniqueness of Limit Cycles in a Rosenzweig{\textendash}MacArthur Model with Prey Immigration}},
journal = {SIAM J. Appl. Math.},
year = {2012},
volume = {72},
number = {1},
pages = {299--316},
month = jan
}

@article{Kempes:2016kd,
author = {Kempes, Christopher P and Wang, Lawrence and Amend, Jan P and Doyle, John and Hoehler, Tori},
title = {{Evolutionary tradeoffs in cellular composition across diverse bacteria}},
journal = {ISME J},
year = {2016},
pages = {1--13},
month = apr
}

@article{Getz:2012wn,
author = {Getz, Wayne M},
title = {{A biomass flow approach to population models and food webs}},
journal = {Natural Resource Modeling},
year = {2012},
volume = {25},
number = {1},
pages = {93--121}
}

@inproceedings{Daan:1988va,
author = {Daan, S and Dijkstra, C and Drent, R and Meijer, T},
title = {{Food supply and the annual timing of avian reproduction}},
booktitle = {Proceedings of the International {\ldots}},
year = {1988}
}

@article{Stearns:1989ip,
author = {Stearns, S C},
title = {{Trade-Offs in Life-History Evolution}},
journal = {Funct. Ecol.},
year = {1989},
volume = {3},
number = {3},
pages = {259}
}

@article{Threlkeld:1976ih,
author = {Threlkeld, Stephen T},
title = {{Starvation and the size structure of zooplankton communities}},
journal = {Freshwater Biol.},
year = {1976},
volume = {6},
number = {6},
pages = {489--496},
month = dec
}

@article{Nevill:2005ea,
author = {Nevill, Alan M and Stewart, Arthur D and Olds, Tim and Holder, Roger},
title = {{Relationship between adiposity and body size reveals limitations of BMI}},
journal = {Am. J. Phys. Anthropol.},
year = {2005},
volume = {129},
number = {1},
pages = {151--156}
}

@article{Martin:1996toa,
author = {Martin, R D},
title = {{Scaling of the Mammalian Brain: the Maternal Energy Hypothesis}},
journal = {Physiology},
year = {1996},
volume = {11},
number = {4},
pages = {149--156},
month = aug
}

@article{Alonzo:2002ub,
author = {Alonzo, Suzanne H},
title = {{State-dependent habitat selection games between predators and prey: the importance of behavioural interactions and expected lifetime reproductive success}},
journal = {Evol. Ecol. Res.},
year = {2002},
volume = {4},
number = {5},
pages = {759--778}
}

@book{GuckHolmes,
author = {Guckenheimer, J and Holmes, P},
title = {{Nonlinear oscillations, dynamical systems, and bifurcations of vector fields}},
publisher = {Springer},
year = {1983},
address = {New York}
}

@article{Levi:2011tk,
author = {Levi, T and Lu, F. and Yu, D.W. and Mangel, M},
title = {{The behaviour and diet breadth of central-place foragers: an application to human hunters and Neotropical game management}},
journal = {Evol. Ecol. Res.},
year = {2011},
volume = {13},
pages = {171--185}
}

@article{Trites:2003cc,
author = {Trites, A W and Donnelly, C P},
title = {{The decline of Steller sea lions Eumetopias jubatus in Alaska: a review of the nutritional stress hypothesis}},
journal = {Mammal Review},
year = {2003},
volume = {33},
number = {1},
pages = {3--28},
month = mar
}

@article{Gittleman:1986ip,
author = {Gittleman, John L},
title = {{Carnivore Brain Size, Behavioral Ecology, and Phylogeny}},
journal = {J. Mammal.},
year = {1986},
volume = {67},
number = {1},
pages = {23--36},
month = feb
}

@article{Morgan:1999do,
author = {Morgan, M J and Wilson, C E and Crim, L W},
title = {{The effect of stress on reproduction in Atlantic cod}},
journal = {Journal of Fish Biology},
year = {1999},
volume = {54},
number = {3},
pages = {477--488},
month = mar
}

@article{Chivers:2014dp,
author = {Chivers, W J and Gladstone, W and Herbert, R D and Fuller, M M},
title = {{Predator{\textendash}prey systems depend on a prey refuge}},
journal = {J. Theor. Biol.},
year = {2014},
volume = {360},
pages = {271--278},
month = nov
}

@article{Parker:2009fr,
author = {Parker, Katherine L and Barboza, Perry S and Gillingham, Michael P},
title = {{Nutrition integrates environmental responses of ungulates}},
journal = {Funct. Ecol.},
year = {2009},
volume = {23},
number = {1},
pages = {57--69},
month = feb
}

@article{hou,
author = {Hou, Chen and Zuo, Wenyun and Moses, Melanie E and Woodruff, William H and Brown, James H and West, Geoffrey B},
title = {{Energy Uptake and Allocation During Ontogeny}},
journal = {Science},
year = {2008},
volume = {322},
number = {5902},
pages = {736--739},
month = oct
}

@article{Lindstedt:1985hm,
author = {Lindstedt, Stan L and Boyce, Mark S},
title = {{Seasonality, Fasting Endurance, and Body Size in Mammals}},
journal = {Am. Nat.},
year = {1985},
volume = {125},
number = {6},
pages = {873--878},
month = jun
}

@article{Fryxell2007,
author = {Fryxell, John M and Mosser, Anna and Sinclair, Anthony R E and Packer, Craig},
title = {{Group formation stabilizes predator{\textendash}prey dynamics}},
journal = {Nature},
year = {2007},
volume = {449},
number = {7165},
pages = {1041--1043},
month = oct
}

@article{Kirk:1997cc,
author = {Kirk, Kevin L},
title = {{Life-History Responses to Variable Environments: Starvation and Reproduction in Planktonic Rotifers}},
journal = {Ecology},
year = {1997},
volume = {78},
number = {2},
pages = {434--441},
month = mar
}

@article{Peterson:1984hj,
author = {Peterson, R O and PAGE, R E and DODGE, K M},
title = {{Wolves, Moose, and the Allometry of Population Cycles}},
journal = {Science},
year = {1984},
volume = {224},
number = {4655},
pages = {1350--1352},
month = jun
}

@article{Pagel:1988ft,
author = {Pagel, Mark D and Harvey, Paul H},
title = {{The Taxon-Level Problem in the Evolution of Mammalian Brain Size: Facts and Artifacts}},
journal = {Am. Nat.},
year = {1988},
volume = {132},
number = {3},
pages = {344--359},
month = sep
}

@article{Evans:2013hm,
author = {Evans, Matthew R and Grimm, Volker and Johst, Karin and Knuuttila, Tarja and de Langhe, Rogier and Lessells, Catherine M and Merz, Martina and O{\textquoteright}Malley, Maureen A and Orzack, Steve H and Weisberg, Michael and Wilkinson, Darren J and Wolkenhauer, Olaf and Benton, Tim G},
title = {{Do simple models lead to generality in ecology?}},
journal = {Trends Ecol. Evol.},
year = {2013},
volume = {28},
number = {10},
pages = {1--6},
month = jul
}

@article{Hendriks:2012fc,
author = {Hendriks, A Jan and Mulder, Christian},
title = {{Delayed logistic and Rosenzweig{\textendash}MacArthur models with allometric parameter setting estimate population cycles at lower trophic levels well}},
journal = {Ecological Complexity},
year = {2012},
volume = {9},
pages = {43--54},
month = feb
}

@article{gillooly2002esa,
author = {Gillooly, James F and Charnov, Eric L and West, Geoffrey B and Savage, Van M and Brown, James H},
title = {{Effects of size and temperature on developmental time}},
journal = {Nature},
year = {2002},
volume = {417},
number = {6884},
pages = {70--73},
month = may
}

@article{Cody:1966fk,
author = {Cody, Martin L},
title = {{A General Theory of Clutch Size}},
journal = {Evolution},
year = {1966},
volume = {20},
number = {2},
pages = {174--184},
month = jun
}

@article{Lister:2014bo,
author = {Lister, Bradford C},
title = {{Information, behaviour and population dynamics}},
journal = {Oikos},
year = {2014},
volume = {123},
number = {12},
pages = {no--no},
month = jun
}

@article{Sims:2008p877,
author = {Sims, David W and Southall, Emily J and Humphries, Nicolas E and Hays, Graeme C and Bradshaw, Corey J A and Pitchford, Jonathan W and James, Alex and Ahmed, Mohammed Z and Brierley, Andrew S and Hindell, Mark A and Morritt, David and Musyl, Michael K and Righton, David and Shepard, Emily L C and Wearmouth, Victoria J and Wilson, Rory P and Witt, Matthew J and Metcalfe, Julian D},
title = {{Scaling laws of marine predator search behaviour}},
journal = {Nature},
year = {2008},
volume = {451},
number = {7182},
pages = {1098--1102},
month = feb
}

